@article{nasaAD_1,
  title={Flight characteristics of the AD-1 oblique-wing research aircraft},
  author={Sim, Alex G and Curry, Robert E},
  note={NASA TP-2223},
  year={1985}
}

@article{bowers2016wings,
  title={On wings of the minimum induced drag: Spanload implications for aircraft and birds},
  author={Bowers, Albion H and Murillo, Oscar J and Jensen, Robert Red and Eslinger, Brian and Gelzer, Christian},
  note={NASA TP-2016-219072},
  year={2016}
}

@article{vander_mach2,
  title={The conceptual design of a Mach 2 Oblique Flying Wing supersonic transport},
  author={Van Der Valden, Alexander J.M.},
  note={NASA Contractor Report 177529},
  year={1989},
  month={May},
}

@article{vander_kroo,
  title={The Aerodynamic Design of the Oblique Flying Wing Supersonic Transport},
  author={Van Der Valden, Alexander J.M. and Kroo, Ilan},
  note={NASA Contractor Report 177552},
  year={1990},
  month={June},
}

@article{desktop_aero,
  title={Oblique Flying Wings: An Introduction and White Paper},
  author={Desktop-Aeronautics},
  year={2005}
}

@article{jones1977oblique,
  title={The oblique wing—aircraft design for transonic and low supersonic speeds},
  author={Jones, Robert T},
  journal={Acta Astronautica},
  volume={4},
  number={1-2},
  pages={99--109},
  year={1977},
  publisher={Elsevier},
  note="\url{https://doi.org/10.1016/0094-5765(77)90035-2}"
}

@article{jones1972reduction,
  title={Reduction of wave drag by antisymmetric arrangement of wings and bodies.},
  author={Jones, Robert T},
  journal={AIAA Journal},
  volume={10},
  number={2},
  pages={171--176},
  year={1972},
  note="\url{https://doi.org/10.2514/3.6555}"
}

@article{kroo2005unconventional,
  title={Unconventional configurations for efficient supersonic flight},
  author={Kroo, Ilan},
  journal={VKI Lecture Series on Innovative Configurations and Advanced Concepts for Future Civil Aircraft},
  pages={2005--06},
  year={2005}
}

@mastersthesis{plumley2008conceptual,
  title={Conceptual Assessment of an Oblique Flying Wing Aircraft Including Control and Trim Characteristics},
  author={Plumley, Ryan W},
  year={2008},
  school={Virginia Tech},
  note="\url{http://hdl.handle.net/10919/31417}"
}

@misc{wiki_darpa,
  title = {Northrop Grumman Switchblade},
  howpublished = {\url{https://en.wikipedia.org/wiki/Northrop_Grumman_Switchblade}},
  journal={Wikipedia},
  publisher={Wikimedia Foundation},
  year={2018}, month={Aug}}
}

@inproceedings{EngSktPad,
  title={The engineering sketch pad: A solid-modeling, feature-based, web-enabled system for building parametric geometry},
  author={Haimes, Robert and Dannenhoffer, John},
  booktitle={21st AIAA Computational Fluid Dynamics Conference},
  pages={3073},
  year={2013},
  note="\url{https://doi.org/10.2514/6.2013-3073}"
}

@article{aflr3,
  title={Unstructured Grid Generation Using Iterative Point Insertion and Local Reconnection},
  author={Marum, David L and Weatherill, Nigel P},
  journal={AIAA Journal},
  volume={33},
  number={9},
  pages={1619--1625},
  year=1995,
  month=9,
  note="\url{https://doi.org/10.2514/3.12701}"
}

@article{aflr4,
  title={Unstructured Grid Generation Using Automatic Point Insertion and Local Reconnection},
  author={Marum, David L},
  journal={Handbook of grid generation},
  note={edited by J.F Thompson, B. Soni, and N.P. Weatherill, CRC Press},
  pages={18--1},
  year=1998
}

@inproceedings{MAC,
  title = {Application for calculation of mean aerodynamic chord of arbitrary wing planform},
  author = {Vogeltanz, Tom{\'a}{\v{s}}},
  booktitle = {AIP Conference Proceedings},
  volume = {1738},
  number = {1},
  pages = {120018},
  year = {2016},
  organization = {AIP Publishing},
  note = "\url{https://doi.org/10.1063/1.4951901}"
}

@book{pope_barlow,
  title = {Low-Speed Wind Tunnel Testing},
  author = {Barlow, J and Rae, W and Pope, Alan},
  year = {1999},
  edition = {Third},
  publisher={John Wiley \& Sons Inc}
}

@article{python_scipy,
  author={K. J. {Millman} and M. {Aivazis}},
  journal={Computing in Science Engineering},
  title={Python for Scientists and Engineers},
  year={2011},
  volume={13},
  number={2},
  pages={9-12},
  note="\url{https://doi.org/10.1109/MCSE.2011.36}",
  ISSN={1558-366X},
  month={March}
}

@article{fun3d,
  title={FUN3D Manual: 13.4},
  author={Biedron, Robert T and Carlson, Jan-Rene{\'e} and Derlaga, Joseph M and Gnoffo, Peter A and Hammond, Dana P and Jones, William T and Kleb, Bil and Lee-Rausch, Elizabeth M and Nielsen, Eric J and Park, Michael A and others},
  year={2018},
  note={NASA/TM–2018–220096}
}

@inproceedings{spalartModel,
  title={A one-equation turbulence model for aerodynamic flows},
  author={Spalart, Philippe and Allmaras, Steven},
  booktitle={30th aerospace sciences meeting and exhibit},
  pages={439},
  year={1992},
  note="\url{https://doi.org/10.2514/6.1992-439}"
}

@inproceedings{CAPScite,
    title = {Multi-fidelity Geometry-centric Multi-disciplinary Analysis for Design},
    author = {Alyanak, Edward and Durscher, Ryan and Haimes, Robert and Dannenhoffer, John and Bhagat, Nitin and Allison, Darcy},
    booktitle = {AIAA Modeling and Simulation Technologies Conference},
    organization = {American Institute of Aeronautics and Astronautics},
    year = {2016},
    note="\url{https://doi.org/10.2514/6.2016-4007}"
}

@inproceedings{deslich2020,
  title={Effects of spanloading and slew angle on an Oblique Flying Wing},
  author={Deslich, Josh and Gunasekaran, Sidaard and Flick, Peter and Szczublewski, Douglas},
  booktitle={AIAA Scitech 2020 Forum},
  pages={0532},
  year={2020},
  note="\url{https://doi.org/10.2514/6.2020-0532}"
}

@article{AAW_multipleCS,
  title={Multiple control surface utilization in active aeroelastic wing technology},
  author={Andersen, G and Forster, E and Kolonay, R and Eastep, F},
  journal={Journal of aircraft},
  volume={34},
  number={4},
  pages={552--557},
  year={1997},
  note="\url{https://doi.org/10.2514/2.2208}"
}

@inproceedings{x53Summary,
  title={The X-53 a summary of the active aeroelastic wing flight research program},
  author={Pendleton, Ed and Flick, Peter and Paul, Donald and Voracek, Dave and Reichenbach, Eric and Griffin, Ken},
  booktitle={48th AIAA/ASME/ASCE/AHS/ASC Structures, Structural Dynamics, and Materials Conference},
  pages={1855},
  year={2007},
  note="\url{https://doi.org/10.2514/6.2007-1855}"
}

@article{conformal_control,
  title={Aerodynamic and aeroelastic characteristics of wings with conformal control surfaces for morphing aircraft},
  author={Sanders, B and Eastep, FE and Forster, E},
  journal={Journal of aircraft},
  volume={40},
  number={1},
  pages={94--99},
  year={2003},
  note="\url{https://doi.org/10.2514/2.3062}"
}

@article{zink2001maneuver,
  title={Maneuver trim optimization techniques for active aeroelastic wings},
  author={Zink, P Scott and Mavris, Dimitri N and Raveh, Daniella E},
  journal={Journal of Aircraft},
  volume={38},
  number={6},
  pages={1139--1146},
  year={2001},
  note="\url{https://doi.org/10.2514/6.2000-1330}"
}

@inproceedings{MAW_flight,
  title={AFTI/F-111 mission adaptive wing flight research program},
  author={Bonnema, Kenneth and Smith, Stephen},
  booktitle={4th Flight Test Conference},
  pages={2118},
  year={1988},
  note="\url{https://doi.org/10.2514/6.1988-2118}"
}

@inproceedings{FW_conformal,
  title={A flexible wing with conformal control surfaces for optimum trim of a tailless air vehicle},
  author={Xie, Jiang and Yang, Zhichun and Guo, Shijun},
  booktitle={51st AIAA/ASME/ASCE/AHS/ASC Structures, Structural Dynamics, and Materials Conference 18th AIAA/ASME/AHS Adaptive Structures Conference 12th},
  pages={2713},
  year={2010},
  note="\url{https://doi.org/10.2514/6.2010-2713}"
}

@inproceedings{flexsys_1,
  title={Flight Testing of FlexFloilTM Adaptive Compliant Trailing Edge},
  author={Kota, Sridhar and Flick, Peter and Collier, Fayette S},
  booktitle={54th AIAA Aerospace Sciences Meeting},
  pages={0036},
  year={2016},
  note="\url{https://doi.org/10.2514/6.2016-0036}"
}

@inproceedings{pycaps,
  title={pyCAPS: A Python Interface to the Computational Aircraft Prototype Syntheses},
  author={Durscher, Ryan J and Reedy, Dennis},
  booktitle={AIAA Scitech 2019 Forum},
  pages={2226},
  year={2019},
  note="\url{https://doi.org/10.2514/6.2019-2226}"
}

@inproceedings{openmdao,
  title={OpenMDAO: framework for flexible multidisciplinary design, analysis and optimization methods},
  author={Heath, Christopher and Gray, Justin},
  booktitle={53rd AIAA/ASME/ASCE/AHS/ASC Structures, Structural Dynamics and Materials Conference 20th AIAA/ASME/AHS Adaptive Structures Conference 14th AIAA},
  pages={1673},
  year={2012},
  note="\url{https://doi.org/10.2514/6.2012-1673}"
}

@article {xdsm,
title = {Extensions to the Design Structure Matrix for the Description of Multidisciplinary Design, Analysis, and Optimization Processes},
journal = {Structural and Multidisciplinary Optimization},
volume = {46},
year = {2012},
pages = {273-284},
doi = {10.1007/s00158-012-0763-y},
author = {Andrew B. Lambe and Joaquim R. R. A. Martins}
}
